@article{articleDL,
  author = {LeCun, Yann and Bengio, Y. and Hinton, Geoffrey},
  year = {2015},
  month = {05},
  pages = {436-44},
  title = {Deep Learning},
  volume = {521},
  journal = {Nature},
  doi = {10.1038/nature14539}
}

@book{Goodfellow-et-al-2016,
    title={Deep Learning},
    author={Ian Goodfellow and Yoshua Bengio and Aaron Courville},
    publisher={MIT Press},
    note={\url{http://www.deeplearningbook.org}},
    year={2016}
}

@misc{tf-pix2pix-tutorial,
  author = {Google Inc},
  title = {Official Tensorflow2.0 tutorial for Pix2pix},
  howpublished = {https://www.tensorflow.org/tutorials/generative/pix2pix},
  year = {2020}
}

@article{pix2pix2016,
  title={Image-to-Image Translation with Conditional Adversarial Networks},
  author={Isola, Phillip and Zhu, Jun-Yan and Zhou, Tinghui and Efros, Alexei A},
  journal={arxiv},
  year={2016}
}

@inproceedings{wang2018pix2pixHD,
  title={High-Resolution Image Synthesis and Semantic Manipulation with Conditional GANs},
  author={Ting-Chun Wang and Ming-Yu Liu and Jun-Yan Zhu and Andrew Tao and Jan Kautz and Bryan Catanzaro},  
  booktitle={Proceedings of the IEEE Conference on Computer Vision and Pattern Recognition},
  year={2018}
}

@inproceedings{park2019SPADE,
  title={Semantic Image Synthesis with Spatially-Adaptive Normalization},
  author={Park, Taesung and Liu, Ming-Yu and Wang, Ting-Chun and Zhu, Jun-Yan},
  booktitle={Proceedings of the IEEE Conference on Computer Vision and Pattern Recognition},
  year={2019}
}

@InProceedings{valada16iser,
author = {Abhinav Valada and Gabriel Oliveira and Thomas Brox and Wolfram Burgard},
title = {Deep Multispectral Semantic Scene Understanding of Forested Environments using Multimodal Fusion},
booktitle = {International Symposium on Experimental Robotics (ISER)},
year = {2016},
}

@misc{gatys2015neural,
    title={A Neural Algorithm of Artistic Style},
    author={Leon A. Gatys and Alexander S. Ecker and Matthias Bethge},
    year={2015},
    eprint={1508.06576},
    archivePrefix={arXiv},
    primaryClass={cs.CV}
}

@misc{goodfellow2014generative,
    title={Generative Adversarial Networks},
    author={Ian J. Goodfellow and Jean Pouget-Abadie and Mehdi Mirza and Bing Xu and David Warde-Farley and Sherjil Ozair and Aaron Courville and Yoshua Bengio},
    year={2014},
    eprint={1406.2661},
    archivePrefix={arXiv},
    primaryClass={stat.ML}
}

@misc{cs231n,
  author = {Fei-Fei Li},
  title = {Stanford CS231n Convolutional Neural Networks for Visual Recognition},
  howpublished = {http://cs231n.stanford.edu/},
  year = {2020}
}

@misc{he2015deep,
    title={Deep Residual Learning for Image Recognition},
    author={Kaiming He and Xiangyu Zhang and Shaoqing Ren and Jian Sun},
    year={2015},
    eprint={1512.03385},
    archivePrefix={arXiv},
    primaryClass={cs.CV}
}

@misc{ioffe2015batch,
    title={Batch Normalization: Accelerating Deep Network Training by Reducing Internal Covariate Shift},
    author={Sergey Ioffe and Christian Szegedy},
    year={2015},
    eprint={1502.03167},
    archivePrefix={arXiv},
    primaryClass={cs.LG}
}

@INPROCEEDINGS{Tylecek13,
  author = {Radim Tyle{\v c}ek and Radim {\v S}{\' a}ra},
  title = {Spatial Pattern Templates for Recognition of Objects with Regular Structure},
  booktitle = {Proc. GCPR},
  year = {2013},
  address = {Saarbrucken, Germany},
}

@inproceedings{Cordts2016Cityscapes,
title={The Cityscapes Dataset for Semantic Urban Scene Understanding},
author={Cordts, Marius and Omran, Mohamed and Ramos, Sebastian and Rehfeld, Timo and Enzweiler, Markus and Benenson, Rodrigo and Franke, Uwe and Roth, Stefan and Schiele, Bernt},
booktitle={Proc. of the IEEE Conference on Computer Vision and Pattern Recognition (CVPR)},
year={2016}
}

@article{articleVGG,
author = {Simonyan, Karen and Zisserman, Andrew},
year = {2014},
month = {09},
pages = {},
title = {Very Deep Convolutional Networks for Large-Scale Image Recognition},
journal = {arXiv 1409.1556}
}

@article{zhou2016semantic,
  title={Semantic understanding of scenes through the ade20k dataset},
  author={Zhou, Bolei and Zhao, Hang and Puig, Xavier and Fidler, Sanja and Barriuso, Adela and Torralba, Antonio},
  journal={arXiv preprint arXiv:1608.05442},
  year={2016}
}

@inproceedings{zhou2017scene,
    title={Scene Parsing through ADE20K Dataset},
    author={Zhou, Bolei and Zhao, Hang and Puig, Xavier and Fidler, Sanja and Barriuso, Adela and Torralba, Antonio},
    booktitle={Proceedings of the IEEE Conference on Computer Vision and Pattern Recognition},
    year={2017}
}

@INPROCEEDINGS{caesar2018cvpr,
  title={COCO-Stuff: Thing and stuff classes in context},
  author={Caesar, Holger and Uijlings, Jasper and Ferrari, Vittorio},
  booktitle={Computer vision and pattern recognition (CVPR), 2018 IEEE conference on},
  organization={IEEE},
  year={2018}
}

@article{DBLP:journals/corr/JohnsonAL16,
  author    = {Justin Johnson and
              Alexandre Alahi and
              Fei{-}Fei Li},
  title     = {Perceptual Losses for Real-Time Style Transfer and Super-Resolution},
  journal   = {CoRR},
  volume    = {abs/1603.08155},
  year      = {2016},
  url       = {http://arxiv.org/abs/1603.08155},
  archivePrefix = {arXiv},
  eprint    = {1603.08155},
  timestamp = {Sat, 19 Oct 2019 16:30:04 +0200},
  biburl    = {https://dblp.org/rec/journals/corr/JohnsonAL16.bib},
  bibsource = {dblp computer science bibliography, https://dblp.org}
}

@misc{SPADE-blog-1,
  author = {Divyansh Jha},
  title = {Implementing SPADE using fastai - Towardsdatascience Blog},
  howpublished = {https://towardsdatascience.com/implementing-spade-using-fastai-6ad86b94030a},
  year = {2019}
}

@misc{SPADE-blog-2,
  author = {Kushajveer Singh},
  title = {SPADE: State of the art in Image-to-Image Translation by Nvidia},
  howpublished = {https://medium.com/@kushajreal/spade-state-of-the-art-in-image-to-image-translation-by-nvidia-bb49f2db2ce3},
  year = {2019}
}

@misc{wikipedia,
  author = {Wikipedia},
  title = {Wikipedia References},
  howpublished = {www.wikipedia.org},
  year = {2020}
}
